<?xml version="1.0" encoding="UTF-8"?><collection xmlns="http://www.loc.gov/MARC21/slim"><record><leader>00444nam--2200157-i-4500</leader><controlfield tag="001">000005332</controlfield><controlfield tag="002">20161230</controlfield><controlfield tag="005">20170107135008</controlfield><controlfield tag="008">060222s1000------------r-----000-0-eng-d</controlfield><datafield ind1=" " ind2=" " tag="100"><subfield code="a">Desi, S</subfield></datafield><datafield ind1=" " ind2=" " tag="245"><subfield code="a">Fission fragment velocity distribution for u-235</subfield></datafield><datafield ind1=" " ind2=" " tag="260"><subfield code="a">Budapest</subfield><subfield code="c">1960</subfield></datafield><datafield ind1=" " ind2=" " tag="300"><subfield code="a">3 p</subfield></datafield><datafield ind1=" " ind2=" " tag="490"><subfield code="a">Central Research Institute Of Physics Of The Hungarian Academy Of Sciences</subfield></datafield><datafield ind1=" " ind2=" " tag="700"><subfield code="a">Lajtai, A</subfield></datafield><datafield ind1=" " ind2=" " tag="CAT"><subfield code="a">SYS</subfield><subfield code="c">20170107</subfield><subfield code="h">135008</subfield></datafield></record></collection>